@article{haggblade,
    author =       "Michael Haggblade - Yang Hong - Kenny Kao",
    title =        "Music Genre Classification",
    year =          "2011",
    URL =          "http://cs229.stanford.edu/proj2011/HaggbladeHongKao-MusicGenreClassification.pdf"
}